% This file was created with JabRef 2.10.
% Encoding: UTF8


@Conference{Abdullah2005,
  Title                    = {An investigation of variable neighborhood search for university course timetabling},
  Author                   = {S. Abdullah and E.K. Burke and B. McCollum},
  Booktitle                = {The 2nd Multidisciplinary International Conference on Scheduling: Theory and Applications (MISTA)},
  Year                     = {2005},
  Pages                    = {413–427},

  Journal                  = {The 2nd Multidisciplinary International Conference on Scheduling: Theory and Applications (MISTA)},
  Owner                    = {andré},
  Timestamp                = {2015.03.26}
}

@Conference{Abdullah2008,
  Title                    = {Generating university course timetable using genetic algorithm and local search},
  Author                   = {S. Abdullah and H. Turabieh},
  Booktitle                = {Proceeding of the 3rd International Conference on Hybrid Information Technology},
  Year                     = {2008},
  Pages                    = {254–260},

  Journal                  = {Proceeding of the 3rd International Conference on Hybrid Information Technology},
  Owner                    = {andré},
  Timestamp                = {2015.03.26}
}

@Standard{Atsuta2007,
  Title                    = {ITC-2007 Track2 - An Approach using General CSP Solver - \url{http://www.cs.qub.ac.uk/itc2007/winner/bestcoursesolutions/Atsuta_et_al.pdf}},
  Author                   = {M. Atsuta and K. Nonobe and T. Ibaraki},
  Language                 = {English},
  Url                      = {http://www.cs.qub.ac.uk/itc2007/winner/bestcoursesolutions/Atsuta_et_al.pdf},
  Year                     = {2007},

  Owner                    = {andré},
  Timestamp                = {2015.03.26}
}

@Article{Bajeh2001,
  Title                    = {Optimization: A Comparative Study of Genetic and Tabu Search Algorithms},
  Author                   = {A.O. Bajeh and K.O. Abolarinwa},
  Journal                  = {International Journal of Computer Applications},
  Year                     = {2001},

  Month                    = {October},
  Number                   = {5},
  Pages                    = {43-48},
  Volume                   = {31},

  Owner                    = {andré},
  Timestamp                = {2015.03.26}
}

@Article{Burke2003,
  Title                    = {A tabu-search hyper-heuristic for timetabling and rostering},
  Author                   = {E.K. Burke and G. Kendall and E. Soubeiga},
  Journal                  = {Journal of Heuristics},
  Year                     = {2003},
  Number                   = {6},
  Pages                    = {451-470},
  Volume                   = {9},

  Owner                    = {andré},
  Timestamp                = {2015.03.26}
}

@Article{Burke2009,
  Title                    = {Decomposition, reformulation, and diving in university course timetabling},
  Author                   = {E.K. Burke and J. Marecek and A. Parkes and H. Rudová},
  Journal                  = {Comput. Oper. Res},
  Year                     = {2009},
  Number                   = {3},
  Pages                    = {582–597},
  Volume                   = {37},

  Owner                    = {andré},
  Timestamp                = {2015.03.26}
}

@Article{Burke2007,
  Title                    = {A graph-based hyper-heuristic for timetabling problems},
  Author                   = {E.K. Burke and A. Meisels and S. Petrovic and R. Qu},
  Journal                  = {European Journal of Operational Research},
  Year                     = {2007},
  Number                   = {1},
  Pages                    = {177–192},
  Volume                   = {176},

  Owner                    = {andré},
  Timestamp                = {2015.03.26}
}

@Article{Burke2002,
  Title                    = {Recent research directions in automated timetabling},
  Author                   = {E.K. Burke and S. Petrovic},
  Journal                  = {European Journal of Operational Research},
  Year                     = {2002},
  Number                   = {2},
  Pages                    = {266-280},
  Volume                   = {140},

  Owner                    = {andré},
  Timestamp                = {2015.03.26}
}

@Article{Carter1986,
  Title                    = {A survey of practical applications of examination timetabling algorithms},
  Author                   = {M.W. Carter},
  Journal                  = {Operations Research},
  Year                     = {1986},
  Number                   = {2},
  Pages                    = {193-202},
  Volume                   = {34},

  Owner                    = {andré},
  Timestamp                = {2015.03.26}
}

@Article{Carter1996,
  Title                    = {Recent developments in practical examination timetabling},
  Author                   = {M.W. Carter and G. Laporte},
  Journal                  = {Selected papers from the First International Conference on Practice and Theory of Automated Timetabling},
  Year                     = {1996},
  Pages                    = {3-21},

  Owner                    = {andré},
  Timestamp                = {2015.03.26}
}

@Conference{DeCesco2008,
  Title                    = {Benchmarking curriculum-based course timetabling: Formulations, data formats, instances, validation, and results},
  Author                   = {F. De Cesco and L. Di Gaspero and A. Schaerf},
  Booktitle                = {Proceedings of the Seventh PATAT Conference},
  Year                     = {2008},

  Journal                  = {Proceedings of the Seventh PATAT Conference},
  Owner                    = {andré},
  Timestamp                = {2015.03.26},
  Url                      = {http://tabu.diegm.uniud.it/ctt/DDS2008.pdf}
}

@Article{Chiarandini2006,
  Title                    = {An effective hybrid algorithm for university course timetabling},
  Author                   = {M. Chiarandini and M. Birattari and K. Socha and O. Rossi-Doria},
  Journal                  = {Journal of Scheduling},
  Year                     = {2006},

  Month                    = {October},
  Number                   = {5},
  Pages                    = {403-432},
  Volume                   = {9},

  Owner                    = {andré},
  Timestamp                = {2015.03.26}
}

@Conference{Clark2008,
  Title                    = {QuikFix. A repair-based timetable solver},
  Author                   = {M. Clark and M. Henz and B. Love},
  Booktitle                = {Proceedings of the Seventh PATAT Conference},
  Year                     = {2008},

  Journal                  = {Proceedings of the Seventh PATAT Conference},
  Owner                    = {andré},
  Timestamp                = {2015.03.26},
  Url                      = {http://www.comp.nus.edu.sg/~henz/publications/ps/PATAT2008.pdf}
}

@Article{Cooper1996,
  Title                    = {The complexity of timetable construction problems},
  Author                   = {T.B. Cooper and J.H. Kingston},
  Journal                  = {The Practice and Theory of Automated Timetabling: Selected Papers from the First International. Lecture Notes in Computer Science, Springer-Verlag Berlin,},
  Year                     = {1996},
  Pages                    = {283-295},
  Volume                   = {1153},

  Owner                    = {agoncalves},
  Timestamp                = {2015.03.26}
}

@Article{Even1976,
  Title                    = {On the complexity of timetabling and multicommodity flow problems},
  Author                   = {Even, S. and Itai, A. and Shamir, A.},
  Journal                  = {SIAM Journal of Computation},
  Year                     = {1976},
  Number                   = {4},
  Pages                    = {691-703},
  Volume                   = {5},

  Owner                    = {agoncalves},
  Timestamp                = {2015.03.26}
}

@Other{Gaspero07thesecond,
  Title                    = {The Second International Timetabling Competition (ITC-2007) CBCT (Track 3},
  Author                   = {Luca Di Gaspero and Andrea Schaerf and Barry Mccollum},
  Year                     = {2007}
}

@Conference{Geiger2008,
  Title                    = {An application of the threshold accepting metaheuristic for curriculum based course timetabling},
  Author                   = {M.J. Geiger},
  Booktitle                = {Proceedings of the Seventh PATAT Conference},
  Year                     = {2008},

  Owner                    = {andré},
  Timestamp                = {2015.03.26}
}

@Conference{Lach2008,
  Title                    = {Curriculum based course timetabling: Optimal solutions to the Udine benchmark instances},
  Author                   = {G. Lach and M.E. Lübbecke},
  Booktitle                = {Proceedings of the Seventh PATAT Conference},
  Year                     = {2008},

  Owner                    = {andré},
  Timestamp                = {2015.03.26},
  Url                      = {http://www.math.tu-berlin.de/luebbeck/papers/udine.pdf}
}

@Conference{Landa-Silva2008,
  Title                    = {Great deluge with non-linear decay rate for solving course timetabling problem},
  Author                   = {D. Landa-Silva and J.H. Obit},
  Booktitle                = {The Fourth International IEEE Conference on Intelligent Systems},
  Year                     = {2008},
  Note                     = {Varna, Bulgaria},
  Pages                    = {11-18},

  Journal                  = {The Fourth International IEEE Conference on Intelligent Systems},
  Owner                    = {andré},
  Timestamp                = {2015.03.26}
}

@Article{Lue2010,
  Title                    = {Adaptive Tabu Search for course timetabling},
  Author                   = {Z. Lü and J.K. Hao},
  Journal                  = {European Journal of Operational Research.},
  Year                     = {2010},
  Number                   = {1},
  Pages                    = {235–244},
  Volume                   = {200},

  Owner                    = {andré},
  Timestamp                = {2015.03.26}
}

@Standard{McCollum,
  Title                    = {ITC 2007 Site - \url{ http://www.cs.qub.ac.uk/itc2007 }},
  Institution              = {Queen's University Belfast},
  Organization             = {School of Electronics, Electrical Engineering \& Computer Science},
  Author                   = {B. McCollum},
  Language                 = {English},
  Url                      = {http://www.cs.qub.ac.uk/itc2007/},
  Year                     = {2007},

  Comment                  = {Retrieved on 26-03-2015},
  Owner                    = {andré},
  Timestamp                = {2015.03.26}
}

@Standard{McCollum2007,
  Title                    = {ITC 2007 – Competition Rules - http://www.cs.qub.ac.uk/itc2007/index\_files/competitionrules.htm},
  Institution              = {Queen's University Belfast},
  Organization             = {School of Electronics, Electrical Engineering \& Computer Science},
  Author                   = {B. McCollum},
  Language                 = {English},
  Url                      = {http://www.cs.qub.ac.uk/itc2007/index_files/competitionrules.htm},
  Year                     = {2007},

  Comment                  = {Retrieved on 2015-03-17},
  Owner                    = {andré},
  Timestamp                = {2015.03.26}
}

@Article{McCollum2010,
  Title                    = {Setting the research agenda in automated timetabling: The second international timetabling competition},
  Author                   = {B. McCollum and A. Schaerf and B. Paechter and P. McMullan and R. Lewis and A. Parkes and L. Di Gaspero and R. Qu and E.K. Burke},
  Journal                  = {INFORMS Journal of Computing},
  Year                     = {2010},
  Number                   = {1},
  Pages                    = {120-130},
  Volume                   = {22},

  Owner                    = {andré},
  Timestamp                = {2015.03.26}
}

@Article{McMullan2007,
  Title                    = {An extended implementation of the great deluge algorithm for course timetabling},
  Author                   = {P. McMullan},
  Journal                  = {Computational Science—ICCS, Part I. LNCS},
  Year                     = {2007},
  Note                     = {Springer, Berlin},
  Pages                    = {538–545},
  Volume                   = {4487},

  Owner                    = {andré},
  Timestamp                = {2015.03.26}
}

@Article{Mueller2009,
  Title                    = {ITC2007 solver description: a hybrid approach},
  Author                   = {T. Müller},
  Journal                  = {Annals of Operational Research},
  Year                     = {2009},
  Number                   = {1},
  Pages                    = {429-446},
  Volume                   = {172},

  Owner                    = {andré},
  Timestamp                = {2015.03.26}
}

@Conference{Mueller2007,
  Title                    = {ITC2007: Solver description},
  Author                   = {T. Müller},
  Booktitle                = {Proceedings of the 7th International Conference on the Practice and Theory of Automated Timetabling},
  Year                     = {2007},

  Comment                  = {Retrieved on 26-03-2015},
  Journal                  = {Proceedings of the 7th International Conference on the Practice and Theory of Automated Timetabling},
  Owner                    = {andré},
  Timestamp                = {2015.03.26},
  Url                      = {http://www.unitime.org/papers/itc2007.pdf}
}

@Article{Petrovic2004,
  Title                    = {University timetabling},
  Author                   = {S. Petrovic and E.K. Burke},
  Journal                  = {Handbook of Scheduling: Algorithms, Models, and Performance Analysis, CRC Press, Boca Raton, Chap. 45},
  Year                     = {2004},

  Owner                    = {andré},
  Timestamp                = {2015.03.26}
}

@Article{Rossi-Doria2003,
  Title                    = {A comparison of the performance of different meta-heuristics on the timetabling problem},
  Author                   = {O. Rossi-Doria and M. Sampels and M. Birattari and M. Chiarandini and M. Dorigo and L.M. Gambardella and J. Knowles and M. Manfrin and M. Mastrolilli and B. Paechter and L. Paquete and T. Stützle},
  Journal                  = {Practice and Theory of Automated Timetabling IV, Lecture Notes in Computer Science},
  Year                     = {2003},
  Pages                    = {329-351},
  Volume                   = {2740},

  Owner                    = {andré},
  Timestamp                = {2015.03.26}
}

@Standard{Schaeerf2007,
  Title                    = {ITC 2007 Curriculum Based Course Timetable problem model},
  Institution              = {University of Udine},
  Organization             = {DIEGM},
  Author                   = {A. Schaerf},
  HowPublished             = {http://www.cs.qub.ac.uk/itc2007/curriculmcourse/course_curriculm_index_files/problemmodel.htm},
  Language                 = {English},
  Url                      = {http://www.cs.qub.ac.uk/itc2007/curriculmcourse/course_curriculm_index_files/problemmodel.htm},
  Year                     = {2007},

  Comment                  = {Retrieved on 26-03-2015},
  Owner                    = {andré},
  Timestamp                = {2015.03.26}
}

@Article{Schaerf1999,
  Title                    = {A survey of automated timetabling},
  Author                   = {A. Schaerf},
  Journal                  = {Artificial Intelligence Review},
  Year                     = {1999},
  Number                   = {2},
  Pages                    = {87-127},
  Volume                   = {13},

  Owner                    = {andré},
  Timestamp                = {2015.03.26}
}

@Article{Socha2002,
  Title                    = {A max-min ant system for the university course timetabling problem},
  Author                   = {K. Socha and J. Knowles and M. Sampels},
  Journal                  = {The Proceedings of the 3rd International Workshop on Ant Algorithms (ANTS 2002). LNCS},
  Year                     = {2002},
  Note                     = {Springer, Berlin},
  Pages                    = {1-13},
  Volume                   = {2463},

  Owner                    = {andré},
  Timestamp                = {2015.03.26}
}

